<record xmlns="http://www.loc.gov/MARC21/slim" xmlns:xsi="http://www.w3.org/2001/XMLSchema-instance" xsi:schemaLocation="http://www.loc.gov/MARC21/slim http://www.loc.gov/standards/marcxml/schema/MARC21slim.xsd">

  <leader>01071nam a2200181   4500</leader>
  <datafield tag="999" ind1=" " ind2=" ">
    <subfield code="c">3159</subfield>
    <subfield code="d">3159</subfield>
  </datafield>
  <controlfield tag="008">160425b1996    CR ||||| |||| 00| | spa d</controlfield>
  <datafield ind1=" " ind2=" " tag="090">
    <subfield code="a">06.02.03</subfield>
    <subfield code="b"> 2191 </subfield>
  </datafield>
  <datafield ind2=" " ind1="1" tag="110">
    <subfield code="9">1616</subfield>
    <subfield code="a">Costa Rica. Ministerio de Educación Pública. Despacho del Ministro</subfield>
  </datafield>
  <datafield tag="245" ind2="0" ind1="1">
    <subfield code="a">Expresión financiera y proyecciones estimadas del monto de las inversiones asociadas al Proyecto de Ley de Fundamentos y Garantías para el Desarrollo y Mejoramiento Continuo del Sistema Educativo / </subfield>
    <subfield code="c">Minsiterio de Educación Pública. Despacho del Ministro</subfield>
  </datafield>
  <datafield tag="260" ind1=" " ind2=" ">
    <subfield code="a">San José, Costa Rica :</subfield>
    <subfield code="b">EL Ministerio,</subfield>
    <subfield code="c">1996</subfield>
  </datafield>
  <datafield ind1=" " ind2=" " tag="300">
    <subfield code="a">39 hojas</subfield>
  </datafield>
  <datafield ind2=" " ind1=" " tag="500">
    <subfield code="a">Borrador para discusión. Versón 1.1 Esta versión del docuemto, tiene como principal objetivo la revisión de los supuestos, cifras y bases de cálculo</subfield>
  </datafield>
  <datafield ind2="4" ind1="1" tag="650">
    <subfield code="9">24</subfield>
    <subfield code="a">DESARROLLO DE LA EDUCACIÓN</subfield>
  </datafield>
  <datafield ind2="4" ind1="1" tag="650">
    <subfield code="9">338</subfield>
    <subfield code="a">FINANCIAMIENTO DE LA EDUCACIÓN </subfield>
  </datafield>
  <datafield tag="650" ind1="1" ind2="4">
    <subfield code="9">1617</subfield>
    <subfield code="a">PRODUCTO INTERNO BRUTO</subfield>
  </datafield>
  <datafield tag="650" ind1="1" ind2="4">
    <subfield code="9">1697</subfield>
    <subfield code="a">PROYECTO DE LEY DE FUNDAMENTOS Y GARANTÍAS PARA EL DESARROLLO Y MEJORAMIENTO CONTINUO DEL SISTEMA EDUCATIVO NACIONAL</subfield>
  </datafield>
  <datafield tag="942" ind1=" " ind2=" ">
    <subfield code="2">z</subfield>
    <subfield code="c">01</subfield>
  </datafield>
</record>